@article{scott2010bayes,
  title={Bayes and empirical-Bayes multiplicity adjustment in the variable-selection problem},
  author={Scott, James G and Berger, James O},
  journal={The Annals of Statistics},
  pages={2587--2619},
  year={2010},
  publisher={JSTOR}
}

@article{hoff2017lasso,
  title={Lasso, fractional norm and structured sparse estimation using a Hadamard product parametrization},
  author={Hoff, Peter D},
  journal={Computational Statistics \& Data Analysis},
  volume={115},
  pages={186--198},
  year={2017},
  publisher={Elsevier}
}

@article{chen2011bayesian,
  title={A Bayesian Lasso via reversible-jump MCMC},
  author={Chen, Xiaohui and Wang, Z Jane and McKeown, Martin J},
  journal={Signal Processing},
  volume={91},
  number={8},
  pages={1920--1932},
  year={2011},
  publisher={Elsevier}
}

@article{park2008bayesian,
  title={The bayesian lasso},
  author={Park, Trevor and Casella, George},
  journal={Journal of the American Statistical Association},
  volume={103},
  number={482},
  pages={681--686},
  year={2008},
  publisher={Taylor \& Francis}
}

@article{carvalho2010horseshoe,
  title={The horseshoe estimator for sparse signals},
  author={Carvalho, Carlos M and Polson, Nicholas G and Scott, James G},
  journal={Biometrika},
  volume={97},
  number={2},
  pages={465--480},
  year={2010},
  publisher={Oxford University Press}
}

@article{mitchell1988bayesian,
  title={Bayesian variable selection in linear regression},
  author={Mitchell, Toby J and Beauchamp, John J},
  journal={Journal of the american statistical association},
  volume={83},
  number={404},
  pages={1023--1032},
  year={1988},
  publisher={Taylor \& Francis}
}

@article{tibshirani1996regression,
  title={Regression shrinkage and selection via the lasso},
  author={Tibshirani, Robert},
  journal={Journal of the Royal Statistical Society: Series B (Methodological)},
  volume={58},
  number={1},
  pages={267--288},
  year={1996},
  publisher={Wiley Online Library}
}

@article{george1993variable,
  title={Variable selection via Gibbs sampling},
  author={George, Edward I and McCulloch, Robert E},
  journal={Journal of the American Statistical Association},
  volume={88},
  number={423},
  pages={881--889},
  year={1993},
  publisher={Taylor \& Francis}
}

@article{castillo2012needles,
  title={Needles and straw in a haystack: Posterior concentration for possibly sparse sequences},
  author={Castillo, Isma{\"e}l and van der Vaart, Aad},
  journal={The Annals of Statistics},
  volume={40},
  number={4},
  pages={2069--2101},
  year={2012},
  publisher={Institute of Mathematical Statistics}
}

@article{castillo2015bayesian,
  title={Bayesian linear regression with sparse priors},
  author={Castillo, Isma{\"e}l and Schmidt-Hieber, Johannes and Van der Vaart, Aad},
  journal={The Annals of Statistics},
  volume={43},
  number={5},
  pages={1986--2018},
  year={2015},
  publisher={Institute of Mathematical Statistics}
}

@article{rovckova2014emvs,
  title={EMVS: The EM approach to Bayesian variable selection},
  author={Ro{\v{c}}kov{\'a}, Veronika and George, Edward I},
  journal={Journal of the American Statistical Association},
  volume={109},
  number={506},
  pages={828--846},
  year={2014},
  publisher={Taylor \& Francis}
}

@article{rovckova2018spike,
  title={The spike-and-slab lasso},
  author={Ro{\v{c}}kov{\'a}, Veronika and George, Edward I},
  journal={Journal of the American Statistical Association},
  volume={113},
  number={521},
  pages={431--444},
  year={2018},
  publisher={Taylor \& Francis}
}

@article{shin2021neuronized,
  title={Neuronized priors for Bayesian sparse linear regression},
  author={Shin, Minsuk and Liu, Jun S},
  journal={Journal of the American Statistical Association},
  number={just-accepted},
  pages={1--43},
  year={2021},
  publisher={Taylor \& Francis}
}

@article{bhattacharya2016fast,
  title={Fast sampling with Gaussian scale mixture priors in high-dimensional regression},
  author={Bhattacharya, Anirban and Chakraborty, Antik and Mallick, Bani K},
  journal={Biometrika},
  pages={asw042},
  year={2016},
  publisher={Oxford University Press}
}

@article{ghosh2011rao,
  title={Rao--blackwellization for bayesian variable selection and model averaging in linear and binary regression: A novel data augmentation approach},
  author={Ghosh, Joyee and Clyde, Merlise A},
  journal={Journal of the American Statistical Association},
  volume={106},
  number={495},
  pages={1041--1052},
  year={2011},
  publisher={Taylor \& Francis}
}

@article{liu2000generalised,
  title={Generalised Gibbs sampler and multigrid Monte Carlo for Bayesian computation},
  author={Liu, Jun S and Sabatti, Chiara},
  journal={Biometrika},
  volume={87},
  number={2},
  pages={353--369},
  year={2000},
  publisher={Oxford University Press}
}

@article{k1996the,
  title={Rates of Convergence of the Hastings and Metropolis Algorithms},
  author={K. L. Mengersen and R. L. Tweedie},
  journal={Journal of the Royal Statistical Society: Series B (Methodological)},
  volume={58},
  number={1},
  pages={101--121},
  year={1996},
  publisher={Institute of Mathematical Statistics}
}

@article{s1983optimization,
author = {S. Kirkpatrick  and C. D. Gelatt  and M. P. Vecchi },
title = {Optimization by Simulated Annealing},
journal = {Science},
volume = {220},
number = {4598},
pages = {671-680},
year = {1983},
doi = {10.1126/science.220.4598.671}
}
